% Encoding: UTF-8


@InProceedings{JMS+2011,
  Title                    = {{A}rchitectural {V}erification of {C}ontrol {S}ystems {U}sing {CSP}},
  Author                   = {Joabe Jesus and Alexandre Mota and Augusto Sampaio and Luiz Grijo},
  Booktitle                = {ICFEM},
  Year                     = {2011},
  Pages                    = {323-339},
  Bibsource                = {DBLP, http://dblp.uni-trier.de},
  Crossref                 = {QQ2011},
  EE                       = {http://dx.doi.org/10.1007/978-3-642-24559-6_23},
  Owner                    = {Andre},
  Timestamp                = {2012.02.16}
}

@InProceedings{MJG+2010,
  Title                    = {{E}volving a {S}afe {S}ystem {D}esign {I}teratively},
  Author                   = {Alexandre Mota and Joabe Jesus and Adriano Gomes and Felipe Ferri and Edson Watanabe},
  Booktitle                = {SAFECOMP},
  Year                     = {2010},
  Pages                    = {361-374},
  Bibsource                = {DBLP, http://dblp.uni-trier.de},
  Crossref                 = {Schoitsch2010},
  EE                       = {http://dx.doi.org/10.1007/978-3-642-15651-9_27},
  File                     = {MJG+2010.pdf:MJG+2010.pdf:PDF},
  Owner                    = {Andre},
  Timestamp                = {2012.02.16}
}

@Misc{ANAC2011,
  Title                    = {{A}eronautical {P}roduct {C}ertification (in portuguese)},
  Author                   = {ANAC},
  HowPublished             = {DOU Nº 230, Seção 1, p. 28, 01/12/2011},
  Month                    = {November},
  Year                     = {2011},
  File                     = {ANAC2011.pdf:ANAC2011.pdf:PDF},
  Keywords                 = {ANAC, Certification},
  Language                 = {portuguese},
  Organization             = {Agência Nacional de Aviação Civil},
  Owner                    = {alrd},
  Timestamp                = {2012.07.04},
  URL                      = {http://www2.anac.gov.br/biblioteca/resolucao/2011/RBAC21EMD01.pdf}
}

@Article{Andrews2001,
  Title                    = {{T}he use of not logic in fault tree analysis},
  Author                   = {Andrews, J. D.},
  Journal                  = {Quality and Reliability Engineering International},
  Year                     = {2001},
  Number                   = {3},
  Pages                    = {143--150},
  Volume                   = {17},
  DOI                      = {10.1002/qre.405},
  File                     = {Andrews2001.pdf:Andrews2001.pdf:PDF},
  ISSN                     = {1099-1638},
  Keywords                 = {non-coherent, fault tree analysis, binary decision diagrams},
  Owner                    = {alrd},
  Publisher                = {John Wiley \& Sons, Ltd.},
  Timestamp                = {2015.04.29},
  URL                      = {http://dx.doi.org/10.1002/qre.405}
}

@InProceedings{AFP+2013,
  Title                    = {{Fault Modelling for Systems of Systems}},
  Author                   = {Zoe Andrews and John Fitzgerald and Richard Payne and Alexander Romanovsky},
  Booktitle                = {Proceedings of the 11th International Symposium on Autonomous Decentralised Systems (ISADS 2013)},
  Year                     = {2013},
  Month                    = {March},
  Pages                    = {59--66},
  DOI                      = {10.1109/ISADS.2013.6513445},
  File                     = {AFP+2013.pdf:AFP+2013.pdf:PDF;Presentation:AFP+2013.presentation.pptx:PowerPoint 2007+},
  Keywords                 = {SysML;architectural design;dependability;error recovery;fault tolerance;modelling;systems of systems},
  Owner                    = {alrd},
  Timestamp                = {2013.08.16}
}

@Article{AIP+2014,
  Title                    = {{T}raceable {E}ngineering of {F}ault-{T}olerant {SoSs}},
  Author                   = {Zoe Andrews and Claire Ingram and Richard Payne and Alexander Romanovsky and Jon Holt and Simon Perry},
  Journal                  = {{INCOSE} International Symposium},
  Year                     = {2014},
  Month                    = {jul},
  Number                   = {1},
  Pages                    = {258--273},
  Volume                   = {24},
  __markedentry            = {[alrd:6]},
  DOI                      = {10.1002/j.2334-5837.2014.tb03148.x},
  File                     = {AIP+2014.pdf:AIP+2014.pdf:PDF},
  Owner                    = {alrd},
  Publisher                = {Wiley-Blackwell},
  Timestamp                = {2015.12.14}
}

@InProceedings{APR+2013,
  Title                    = {{M}odel-based development of fault tolerant systems of systems},
  Author                   = {Andrews, Zoe and Payne, Richard and Romanovsky, Alexander and Didier, Andr\'{e} and Mota, Alexandre},
  Booktitle                = {Systems Conference (SysCon), 2013 IEEE International},
  Year                     = {2013},
  Pages                    = {356-363},
  DOI                      = {10.1109/SysCon.2013.6549906},
  File                     = {APR+2013.pdf:APR+2013.pdf:PDF;APR+2013 Certificados.pdf:APR+2013 Certificados.pdf:PDF;APR+2013.pdf:evernote\:///view/1953125/s17/84262a1d-dc39-407b-8715-f21993dd66c6/84262a1d-dc39-407b-8715-f21993dd66c6/:Evernote},
  Owner                    = {alrd},
  Timestamp                = {2013.07.08}
}

@Book{AM2008,
  Title                    = {{F}eedback {S}ystems: {A}n {I}ntroduction for {S}cientists and {E}ngineers},
  Author                   = {Astrom, Karl Johan and Murray, Richard M.},
  Publisher                = {Princeton University Press},
  Year                     = {2008},
  Address                  = {Princeton, NJ, USA},
  File                     = {AM2008.pdf:AM2008.pdf:PDF},
  ISBN                     = {0691135762, 9780691135762},
  Owner                    = {alrd},
  Timestamp                = {2012.05.18}
}

@PhdThesis{Boyd1992,
  Title                    = {{D}ynamic {F}ault {T}ree {M}odels: {T}echniques for {A}nalysis of {A}dvanced {F}ault {T}olerant {C}omputer {S}ystems},
  Author                   = {Boyd, Mark Allen},
  School                   = {Duke University},
  Year                     = {1992},
  Address                  = {Durham, NC, USA},
  Note                     = {UMI Order No. GAX92-02503},
  Owner                    = {alrd},
  Publisher                = {Duke University},
  Timestamp                = {2015.12.10}
}

@InCollection{DM2012,
  Title                    = {{I}dentifying {H}ardware {F}ailures {S}ystematically},
  Author                   = {Didier, André and Mota, Alexandre},
  Booktitle                = {Formal Methods: Foundations and Applications},
  Publisher                = {Springer Berlin / Heidelberg},
  Year                     = {2012},
  Editor                   = {Gheyi, Rohit and Naumann, David},
  Pages                    = {115-130},
  Series                   = {Lecture Notes in Computer Science},
  Volume                   = {7498},
  Affiliation              = {Centro de Informática, Universidade Federal de Pernambuco, Av. Jornalista Anibal Fernandes, s/n - Cidade Universitária, Zip 50.740-560 Brazil},
  DOI                      = {10.1007/978-3-642-33296-8\_10},
  File                     = {DM2012.pdf:DM2012.pdf:PDF;DM2012 Certificados de participação e de apresentação.pdf:DM2012 Certificados de participação e de apresentação.pdf:PDF;DM2012.evernote:evernote\:///view/1953125/s17/d98a0219-1c72-4473-9f57-f5188cda1934/d98a0219-1c72-4473-9f57-f5188cda1934/:Evernote},
  ISBN                     = {978-3-642-33295-1},
  Keyword                  = {Computer Science},
  Owner                    = {alrd},
  Timestamp                = {2012.09.22}
}

@InProceedings{DM2015,
  Title                    = {{A} {L}attice-{B}ased {R}epresentation of {T}emporal {F}ailures},
  Author                   = {Andre Luis Ribeiro Didier and Alexandre Mota},
  Booktitle                = {2015 {IEEE} International Conference on Information Reuse and Integration},
  Year                     = {2015},
  Month                    = {aug},
  Publisher                = {Institute of Electrical {\&} Electronics Engineers ({IEEE})},
  __markedentry            = {[alrd:6]},
  DOI                      = {10.1109/iri.2015.55},
  File                     = {DM2015.pdf:DM2015.pdf:PDF},
  Owner                    = {alrd},
  Timestamp                = {2015.11.23}
}

@Article{DBB1992,
  Title                    = {{D}ynamic fault-tree models for fault-tolerant computer systems},
  Author                   = {Joanne Bechta Dugan and Salvatore J. Bavuso and Mark A. Boyd},
  Journal                  = {Reliability, IEEE Transactions on},
  Year                     = {1992},
  Month                    = {sep},
  Number                   = {3},
  Pages                    = {363 -377},
  Volume                   = {41},
  DOI                      = {10.1109/24.159800},
  File                     = {DBB1992.pdf:DBB1992.pdf:PDF},
  ISSN                     = {0018-9529},
  Keywords                 = {HARP;dynamic fault-tree modeling;dynamic redundancy management;error recovery;fault-tolerant computer systems;hypercube;mission avionics system;parallel processor;reliability;software package;fault tolerant computing;hypercube networks;parallel architectures;redundancy;reliability theory;},
  Owner                    = {alrd},
  Timestamp                = {2012.05.18}
}

@Book{FAA1993,
  Title                    = {{RTCA}, {I}nc., {D}ocument {RTCA}/{DO}-178{B}},
  Author                   = {FAA},
  Publisher                = { U.S. Dept. of Transportation, Federal Aviation Administration, [Washington, D.C.] : },
  Year                     = {1993},
  Catalogue-url            = { http://nla.gov.au/nla.cat-vn4510326 },
  Language                 = { English },
  Life-dates               = { 1993 - },
  Owner                    = {Andre},
  Pages                    = { [1] p. : },
  Subjects                 = { Radio in aeronautics - Standards. },
  Timestamp                = {2012.02.16},
  Type                     = { Book, Online }
}

@TechReport{FAA2007,
  Title                    = {{P}art 25 - {A}irworthiness {S}tandards: {T}ransport {C}ategory {A}irplanes},
  Author                   = {FAA},
  Institution              = {Federal Aviation Administration (FAA), USA},
  Year                     = {2007},
  Owner                    = {Andre},
  Timestamp                = {2012.02.16}
}

@Book{GH2009,
  Title                    = {{I}ntroduction to {B}oolean {A}lgebras},
  Author                   = {Givant, Steven and Halmos, Paul},
  Year                     = {2009},
  Series                   = {Undergraduate Texts in Mathematics},
  Volume                   = {XIV},
  File                     = {GH2009.pdf:GH2009.pdf:PDF},
  ISBN                     = {978-0-387-68436-9},
  Keywords                 = {Free Boolean Algebra},
  Owner                    = {alrd},
  Timestamp                = {2015.02.03},
  URL                      = {http://www.springer.com/mathematics/book/978-0-387-40293-2}
}

@InProceedings{MCS+1999,
  Title                    = {{B}ridging the gap between systems and dynamic fault tree models},
  Author                   = {Manian, R. and Coppit, D.W. and Sullivan, K.J. and Bechta Dugan, J.},
  Booktitle                = {Reliability and Maintainability Symposium, 1999. Proceedings. Annual},
  Year                     = {1999},
  Month                    = {-21 jan},
  Pages                    = {105 -111},
  DOI                      = {10.1109/RAMS.1999.744104},
  File                     = {MCS+1999.pdf:MCS+1999.pdf:PDF;MCS+1999.evernote:evernote\:///view/1953125/s17/35edef72-966f-4dea-97a8-665942ce0fc4/35edef72-966f-4dea-97a8-665942ce0fc4/:Evernote},
  Keywords                 = {Markov models;dynamic fault tree analysis;dynamic fault tree models;dynamic fault tree semantics;fault tolerant systems;interacting subsystems;ordinary differential equations;reliability analysis;software engineering;software tools;system failure behavior;Markov processes;fault trees;software fault tolerance;},
  Owner                    = {alrd},
  Timestamp                = {2012.05.18}
}

@Misc{MathWorks2010,
  Title                    = {{S}imulink\textsuperscript\textregistered},
  Author                   = {MathWorks},
  Year                     = {2010},
  Owner                    = {Andre},
  Timestamp                = {2012.02.16},
  URL                      = {http://www.mathworks.com/products/simulink}
}

@Misc{MathWorks2010c,
  Title                    = {{M}atlab\textsuperscript\textregistered},
  Author                   = {MathWorks},
  Year                     = {2010},
  Owner                    = {Andre},
  Timestamp                = {2012.02.16},
  URL                      = {http://www.mathworks.com/products/matlab}
}

@PhdThesis{Merle2010,
  Title                    = {{Algebraic modelling of Dynamic Fault Trees, contribution to qualitative and quantitative analysis}},
  Author                   = {Merle, Guillaume},
  School                   = {{{\'E}cole normale sup{\'e}rieure de Cachan - ENS Cachan}},
  Year                     = {2010},
  Month                    = Jul,
  Type                     = {Theses},
  File                     = {Merle2010.pdf:Merle2010.pdf:PDF},
  Hal_id                   = {tel-00502012},
  Hal_version              = {v2},
  Keywords                 = {algebraic approach ; behavioural model ; probabilistic model ; structure function ; dynamic fault trees ; qualitative analysis ; cut sequence sets ; quantitative analysis ; analyse qualitative ; fonction de structure ; mod{\`e}le probabiliste ; approche alg{\'e}brique ; analyse quantitative ; ensembles de s{\'e}quences de coupe ; arbres de d{\'e}faillance dynamiques ; mod{\`e}le comportemental},
  Owner                    = {alrd},
  Timestamp                = {2015.02.10},
  URL                      = {https://tel.archives-ouvertes.fr/tel-00502012}
}

@Article{MRL2011,
  Title                    = {{A}lgebraic determination of the structure function of {D}ynamic {F}ault {T}rees},
  Author                   = {Merle, Guillaume and Roussel, Jean-Marc and Lesage, Jean-Jacques},
  Journal                  = {Reliability Engineering \& System Safety},
  Year                     = {2011},
  Month                    = {Feb},
  Number                   = {2},
  Pages                    = {267--277},
  Volume                   = {96},
  DOI                      = {10.1016/j.ress.2010.10.001},
  File                     = {MRL2011.pdf:MRL2011.pdf:PDF;MRL2011.evernote:evernote\:///view/1953125/s17/5d1b5b1f-5143-4a94-8c91-d8c924ceb56e/5d1b5b1f-5143-4a94-8c91-d8c924ceb56e/:Evernote},
  ISSN                     = {0951-8320},
  Owner                    = {alrd},
  Publisher                = {Elsevier BV},
  Timestamp                = {2014.09.19}
}

@Article{MRL2011b,
  Title                    = {{D}ynamic fault tree analysis based on the structure function},
  Author                   = {Merle, Guillaume and Roussel, Jean-Marc and Lesage, Jean-Jacques},
  Journal                  = {2011 Proceedings - Annual Reliability and Maintainability Symposium},
  Year                     = {2011},
  Month                    = {Jan},
  DOI                      = {10.1109/rams.2011.5754452},
  File                     = {MRL2011b.pdf:MRL2011b.pdf:PDF;MRL2011b.evernote:evernote\:///view/1953125/s17/3c7762fa-daf3-4cfc-bcb6-8331e55e01c4/3c7762fa-daf3-4cfc-bcb6-8331e55e01c4/:Evernote},
  ISBN                     = {http://id.crossref.org/isbn/978-1-4244-8857-5},
  Owner                    = {alrd},
  Publisher                = {IEEE},
  Timestamp                = {2014.09.23},
  URL                      = {http://dx.doi.org/10.1109/RAMS.2011.5754452}
}

@Article{MRL2014,
  Title                    = {{Q}uantitative {A}nalysis of {D}ynamic {F}ault {T}rees {B}ased on the {S}tructure {F}unction},
  Author                   = {Merle, Guillaume and Roussel, Jean-Marc and Lesage, Jean-Jacques},
  Journal                  = {Quality and Reliability Engineering International},
  Year                     = {2014},
  Month                    = {Feb},
  Number                   = {1},
  Pages                    = {143--156},
  Volume                   = {30},
  DOI                      = {10.1002/qre.1487},
  File                     = {MRL2014.pdf:MRL2014.pdf:PDF;MRL2014.evernote:evernote\:///view/1953125/s17/c0214fc4-774f-4a5e-9684-61a88ee74689/c0214fc4-774f-4a5e-9684-61a88ee74689/:Evernote},
  ISSN                     = {0748-8017},
  Owner                    = {alrd},
  Publisher                = {Wiley-Blackwell},
  Timestamp                = {2014.09.19}
}

@Article{MRL+2010,
  Title                    = {{P}robabilistic {A}lgebraic {A}nalysis of {F}ault {T}rees {W}ith {P}riority {D}ynamic {G}ates and {R}epeated {E}vents},
  Author                   = {Merle, Guillaume and Roussel, Jean-Marc and Lesage, Jean-Jacques and Bobbio, Andrea},
  Journal                  = {IEEE Trans. Rel.},
  Year                     = {2010},
  Month                    = {Mar},
  Number                   = {1},
  Pages                    = {250--261},
  Volume                   = {59},
  DOI                      = {10.1109/tr.2009.2035793},
  File                     = {MRL+2010.pdf:MRL+2010.pdf:PDF;MRL+2010.evernote:evernote\:///view/1953125/s17/563e7384-e922-4abf-9216-c75f4f020868/563e7384-e922-4abf-9216-c75f4f020868/:Evernote},
  ISSN                     = {1558-1721},
  Owner                    = {alrd},
  Publisher                = {Institute of Electrical \& Electronics Engineers (IEEE)},
  Timestamp                = {2014.09.24}
}

@Book{Nise1992,
  Title                    = {{C}ontrol systems engineering},
  Author                   = {Nise, Norman S.},
  Publisher                = {Benjamin-Cummings Publishing Co., Inc.},
  Year                     = {1992},
  Address                  = {Redwood City, CA, USA},
  ISBN                     = {0-8053-5420-4},
  Owner                    = {alrd},
  Timestamp                = {2012.05.18}
}

@Article{Oliv2006,
  Title                    = {{N}on-{C}oherent {F}ault {T}rees {C}an {B}e {M}isleading},
  Author                   = {Sergio Oliva},
  Journal                  = {e-Journal of System Safety},
  Year                     = {2006},
  Month                    = {May-June},
  Number                   = {3},
  Volume                   = {42},
  File                     = {Oliv2006.pdf:Oliv2006.pdf:PDF},
  Keywords                 = {Fault Tree},
  Language                 = {English},
  Owner                    = {alrd},
  Timestamp                = {2015.02.24},
  URL                      = {http://www.system-safety.org/ejss/past/mayjune2006ejss/spotlight2_p1.php}
}

@Article{PMS+2001,
  Title                    = {{Analysis and synthesis of the behaviour of complex programmable electronic systems in conditions of failure}},
  Author                   = {Yiannis Papadopoulos and John McDermid and Ralph Sasse and Guenter Heiner},
  Journal                  = {Reliability Engineering \& System Safety},
  Year                     = {2001},
  Number                   = {3},
  Pages                    = {229--247},
  Volume                   = {71},
  DOI                      = {10.1016/S0951-8320(00)00076-4},
  File                     = {PMS+2001.pdf:PMS+2001.pdf:PDF},
  ISSN                     = {0951-8320},
  Keywords                 = {assessment,hip-hops,if-fmea,safety, FMEA, FTA,Automated safety analysis,Mechanical fault tree synthesis,Software hazard analysis,Safety cases,Failure logic expressions,HAZOP},
  Mendeley-tags            = {assessment,hip-hops,if-fmea,safety},
  Owner                    = {alrd},
  Timestamp                = {2012.05.18},
  Type                     = {Journal article}
}

@Book{RA2005,
  Title                    = {{A}ssurance {T}echnologies {P}rinciples and {P}ractices},
  Author                   = {Dev G. Raheja and Michael Allocco},
  Publisher                = {Wiley-Blackwell},
  Year                     = {2005},
  Month                    = {nov},
  __markedentry            = {[alrd:6]},
  DOI                      = {10.1002/047000942x},
  Owner                    = {alrd},
  Timestamp                = {2015.12.03}
}

@Book{Roscoe1997,
  Title                    = {{The Theory and Practice of Concurrency}},
  Author                   = {Andrew William Roscoe},
  Publisher                = {Prentice Hall PTR},
  Year                     = {1997},
  Address                  = {Upper Saddle River, NJ, USA},
  Citeulike-article-id     = {1010001},
  Citeulike-linkout-0      = {http://www.comlab.ox.ac.uk/people/bill.roscoe/publications/68b.pdf},
  Citeulike-linkout-1      = {http://portal.acm.org/citation.cfm?id=550448},
  File                     = {Roscoe1997.pdf:Roscoe1997.pdf:PDF},
  HowPublished             = {Paperback},
  ISBN                     = {0136744095},
  Keywords                 = {1997, algebraic, book, concurrency, csp, denotational, model, operational, semantics, textbook, theory, tool},
  Owner                    = {alrd},
  Posted-at                = {2008-11-03 11:54:43},
  Timestamp                = {2012.05.18}
}

@Misc{SAE1996b,
  Title                    = {{SAE ARP4761 Guidelines and Methods for Conducting the Safety Assessment Process on Civil Airborne Systems and Equipment}},
  Author                   = {SAE},
  Year                     = {1996},
  File                     = {SAE1996b.pdf:SAE1996b.pdf:PDF},
  Keywords                 = {FMEA, FTA, Safety assessment, ARP},
  Owner                    = {Andre},
  Publisher                = {Society of Automotive Engineers (SAE)},
  Timestamp                = {2012.02.16},
  Type                     = {Miscellaneous}
}

@InProceedings{SP2011,
  Title                    = {{Model-driven automated software FMEA}},
  Author                   = {Neal Snooke and Chris Price},
  Booktitle                = {Reliability and Maintainability Symposium},
  Year                     = {2011},
  Month                    = {January},
  Pages                    = {1-6},
  DOI                      = {10.1109/RAMS.2011.5754453},
  File                     = {SP2011.pdf:SP2011.pdf:PDF},
  ISSN                     = {0149-144X},
  Keywords                 = {MISRA C;component diagrams;low-level languages;low-level programming;model-driven automated software FMEA;model-driven software developments;safety critical embedded systems;sequence diagrams;software development philosophy;software effects analysis;software failure mode;source code embedded testing;state charts;use case diagram;safety-critical software;},
  Owner                    = {alrd},
  Timestamp                = {2012.05.18}
}

@Article{TXD2011,
  Title                    = {{R}eliability analysis of warm standby systems using sequential {BDD}},
  Author                   = {Tannous, Ola and Xing, Liudong and Dugan, Joanne Bechta},
  Journal                  = {2011 Proceedings - Annual Reliability and Maintainability Symposium},
  Year                     = {2011},
  Month                    = {Jan},
  DOI                      = {10.1109/rams.2011.5754426},
  File                     = {TXD2011.pdf:TXD2011.pdf:PDF;TXD2011.evernote:evernote\:///view/1953125/s17/2f89c95b-af8f-4017-8572-59b0a7f25a5b/2f89c95b-af8f-4017-8572-59b0a7f25a5b/:Evernote},
  ISBN                     = {http://id.crossref.org/isbn/978-1-4244-8857-5},
  Owner                    = {alrd},
  Publisher                = {IEEE},
  Timestamp                = {2014.09.19}
}

@Book{VGR+1981,
  Title                    = {{F}ault {T}ree {H}andbook},
  Author                   = {Vesely, W.E. and Goldberg, F.F. and Roberts, N.H. and Haasl, D.F.},
  Publisher                = {US Independent Agencies and Commissions},
  Year                     = {1981},
  Number                   = {NUREG-0492},
  File                     = {VGR+1981.pdf:VGR+1981.pdf:PDF;VGR+1981.evernote:evernote\:///view/1953125/s17/c32bcafe-926a-4555-ac27-1b27ef82d687/c32bcafe-926a-4555-ac27-1b27ef82d687/:Evernote},
  ISBN                     = {9780160055829},
  Owner                    = {alrd},
  Timestamp                = {2012.05.18},
  URL                      = {http://www.nrc.gov/reading-rm/doc-collections/nuregs/staff/sr0492/}
}

@Article{WP2008,
  Title                    = {{S}ynthesis and analysis of temporal fault trees with {PANDORA}: {The time of Priority AND gates}},
  Author                   = {Martin Walker and Yiannis Papadopoulos},
  Journal                  = {Nonlinear Analysis: Hybrid Systems},
  Year                     = {2008},
  Note                     = {Proceedings of the International Conference on Hybrid Systems and Applications, Lafayette, LA, USA, May 2006: Part II },
  Number                   = {2},
  Pages                    = {368 - 382},
  Volume                   = {2},
  DOI                      = {10.1016/j.nahs.2006.05.003},
  File                     = {WP2008.pdf:WP2008.pdf:PDF},
  ISSN                     = {1751-570X},
  Keywords                 = {Safety analysis, Reliability analysis, Fault tree synthesis, Temporal fault trees, Temporal logic, HiP-HOPS ,HAZOP,FTA,FMEA},
  Owner                    = {alrd},
  Review                   = {Tripe-module redundant system.},
  Timestamp                = {2013.05.21}
}

@Article{WP2009,
  Title                    = {{Q}ualitative temporal analysis: {T}owards a full implementation of the {F}ault {T}ree {H}andbook},
  Author                   = {Martin Walker and Yiannis Papadopoulos},
  Journal                  = {Control Engineering Practice},
  Year                     = {2009},
  Number                   = {10},
  Pages                    = {1115 - 1125},
  Volume                   = {17},
  DOI                      = {10.1016/j.conengprac.2008.10.003},
  File                     = {WP2009.pdf:WP2009.pdf:PDF;WP2009.evernote:evernote\:///view/1953125/s17/09d1e103-2272-4ded-af5e-3abbd7cfaf01/09d1e103-2272-4ded-af5e-3abbd7cfaf01/:Evernote},
  ISSN                     = {0967-0661},
  Keywords                 = {Fault trees, Temporal logic, Safety critical, Safety analysis, Reliability ,FTA},
  Owner                    = {alrd},
  Review                   = {Simple example, but with temporal gates (in fault trees --- Pandora). PLTLP = Propositional Linear Temporal Logic. Ocurrence of fault (FTA) versus existence of faults (TAND gates). PAND gates: it is only true when a certain order is respected. It is shown on the Fault Trees Handbook. TTT = Temporal Truth Table},
  Timestamp                = {2013.05.21}
}

@InProceedings{WP2010,
  Title                    = {{A} hierarchical method for the reduction of temporal expressions in {P}andora},
  Author                   = {Walker, Martin and Papadopoulos, Yiannis},
  Booktitle                = {Proceedings of the First Workshop on DYnamic Aspects in DEpendability Models for Fault-Tolerant Systems},
  Year                     = {2010},
  Address                  = {New York, NY, USA},
  Pages                    = {7--12},
  Publisher                = {ACM},
  Series                   = {DYADEM-FTS '10},
  Acmid                    = {1772634},
  DOI                      = {10.1145/1772630.1772634},
  File                     = {WP2010.pdf:WP2010.pdf:PDF},
  ISBN                     = {978-1-60558-916-9},
  Keywords                 = {HiP-HOPS, Pandora, dynamic fault tree analysis, temporal logic,FTA},
  Location                 = {Valencia, Spain},
  Numpages                 = {6},
  Owner                    = {alrd},
  Timestamp                = {2013.05.24}
}

@PhdThesis{Walker2009,
  Title                    = {{P}andora: a logic for the qualitative analysis of temporal fault trees},
  Author                   = {Martin David Walker},
  School                   = {University of Hull},
  Year                     = {2009},
  Month                    = {May},
  File                     = {Walker2009.pdf:Walker2009.pdf:PDF;Walker2009.evernote:evernote\:///view/1953125/s17/9960ae4f-f7a3-4056-b52a-591b5e52c46f/9960ae4f-f7a3-4056-b52a-591b5e52c46f/:Evernote},
  Keywords                 = {pandora;PAND;TFT;DFT},
  Owner                    = {alrd},
  Supervisor               = {Yiannis Papadopoulos},
  Timestamp                = {2014.10.02},
  URL                      = {https://hydra.hull.ac.uk/resources/hull:2526}
}

@Article{XTD2012,
  Title                    = {{R}eliability {A}nalysis of {N}onrepairable {C}old-{S}tandby {S}ystems {U}sing {S}equential {B}inary {D}ecision {D}iagrams},
  Author                   = {Xing, Liudong and Tannous, Ola and Dugan, Joanne Bechta},
  Journal                  = {IEEE Trans. Syst., Man, Cybern. A},
  Year                     = {2012},
  Month                    = {May},
  Number                   = {3},
  Pages                    = {715--726},
  Volume                   = {42},
  DOI                      = {10.1109/tsmca.2011.2170415},
  File                     = {XTD2012.pdf:XTD2012.pdf:PDF},
  ISSN                     = {1558-2426},
  Owner                    = {alrd},
  Publisher                = {Institute of Electrical \& Electronics Engineers (IEEE)},
  Timestamp                = {2015.10.30}
}

@Article{YYT+2013,
  Title                    = {{M}inimal cut sequences and top event probability of dynamic fault tree},
  Author                   = {Yuge, Tetsushi and Yoneda, Taijiro and Tamura, Nobuyuki and Yanagi, Shigeru},
  Journal                  = {Journal of Quality in Maintenance Engineering},
  Year                     = {2013},
  Number                   = {1},
  Pages                    = {38--49},
  Volume                   = {19},
  DOI                      = {10.1108/13552511311304465},
  File                     = {YYT+2013.pdf:YYT+2013.pdf:PDF;YYT+2013.evernote:evernote\:///view/1953125/s17/bba1bccb-60cc-4f77-a274-0e2f00e180ef/bba1bccb-60cc-4f77-a274-0e2f00e180ef/:Evernote},
  ISSN                     = {1355-2511},
  Owner                    = {alrd},
  Publisher                = {Emerald},
  Timestamp                = {2014.09.19}
}

